@misc{Agd,
  title = {Agda Language Reference\\{\footnotesize(\verb!agda.readthedocs.io/en/v2.5.3/language!, 14.04.2018)}.}}

@inproceedings{Cat,
  title={Categorical Programming for Data Types with Restricted Parametricity},
  author={Dominic A. Orchard and Alan Mycroft},
  year={2012}
}

@inproceedings{Giv,
 author = {Yorgey, Brent A. and Weirich, Stephanie and Cretin, Julien and Peyton Jones, Simon and Vytiniotis, Dimitrios and Magalh\~{a}es, Jos{\'e} Pedro},
 title = {Giving Haskell a Promotion},
 booktitle = {Proceedings of the 8th ACM SIGPLAN Workshop on Types in Language Design and Implementation},
 series = {TLDI '12},
 year = {2012},
 isbn = {978-1-4503-1120-5},
 location = {Philadelphia, Pennsylvania, USA},
 pages = {53--66},
 numpages = {14},
 url = {http://doi.acm.org/10.1145/2103786.2103795},
 doi = {10.1145/2103786.2103795},
 acmid = {2103795},
 publisher = {ACM},
 address = {New York, NY, USA},
 keywords = {haskell, kinds, polymorphism, promotion},
}

@misc{Gla,
  title = {Glasgow Haskell Compiler User's Guide\\{\footnotesize(\verb!http://downloads.haskell.org/~ghc/latest/docs/html/users_guide!, 02.04.2018)}.}}

@misc{The_Coq,
  title = {The Coq Proof Assistant Reference Manual\\{\footnotesize(\verb!coq.inria.fr/distrib/current/refman!, 14.04.2018)}.}}

@misc{The_Idr,
  title = {The Idris Tutorial\\{\footnotesize(\verb!docs.idris-lang.org/en/latest/tutorial!, 14.04.2018)}.}}